@article{gagliardi2019international,
  title = {The international race towards Exascale in Europe},
  author = {Gagliardi, Fabrizio and Moreto, Miquel and Olivieri, Mauro and Valero, Mateo},
  year = 2019,
  journal = {CCF Transactions on High Performance Computing},
  publisher = {Springer},
  pages = {1--11},
}
@article{gropp1996high,
  title = {A high-performance, portable implementation of the MPI message passing interface standard},
  author = {Gropp, William and Lusk, Ewing and Doss, Nathan and Skjellum, Anthony},
  year = 1996,
  journal = {Parallel computing},
  publisher = {North-Holland},
  volume = 22,
  number = 6,
  pages = {789--828},
}
@article{lucas1889jeux,
  title = {Jeux Scientifiques Pour Servir {\`a} L’histoire, {\`a} L’enseignement et {\`a} la Pratique du Calcul et du Dessin},
  author = {Lucas, {\`E}},
  year = 1889,
  journal = {Paris: EL, Imp. Girard et fils},
}
@inproceedings{moreno2022hereditary,
  title = {Hereditary Stratigraphy: Genome Annotations to Enable Phylogenetic Inference over Distributed Populations},
  author = {Moreno, Matthew Andres and Dolson, Emily and Ofria, Charles},
  year = 2022,
  month = {07},
  series = {ALIFE 2022: The 2022 Conference on Artificial Life},
  volume = {ALIFE 2022: The 2022 Conference on Artificial Life},
  pages = 64,
  doi = {10.1162/isal_a_00550},
  url = {https://doi.org/10.1162/isal\_a\_00550},
  eprint = {https://direct.mit.edu/isal/proceedings-pdf/isal/34/64/2035363/isal\_a\_00550.pdf},
}
@misc{moreno2024algorithms,
  title = {Algorithms for Efficient, Compact Online Data Stream Curation},
  author = {Matthew Andres Moreno and Santiago {Rodriguez Papa} and Emily Dolson},
  year = 2024,
  publisher = {arXiv},
  doi = {10.48550/arXiv.2403.00266},
  url = {https://arxiv.org/abs/2403.00266},
  copyright = {arXiv.org perpetual, non-exclusive license},
  eprint = {2403.00266},
  archiveprefix = {arXiv},
  primaryclass = {cs.DS},
}
@misc{oeis,
  title = {The {O}n-{L}ine {E}ncyclopedia of {I}nteger {S}equences},
  author = {OEIS Foundation},
  year = 2024,
  note = {Published electronically at \url{http://oeis.org}},
}
